<record><leader>00000cas a22000007a 4500</leader><controlfield tag="001">19210683</controlfield><controlfield tag="008">890214d18911894nduwr ne      0    0eng d</controlfield><datafield ind1=" " ind2=" " tag="010"><subfield code="a">sn 88076690 </subfield></datafield><datafield ind1=" " ind2=" " tag="040"><subfield code="a">NOP</subfield><subfield code="b">eng</subfield><subfield code="c">NOP</subfield><subfield code="d">OCLCQ</subfield></datafield><datafield ind1=" " ind2=" " tag="042"><subfield code="a">msc</subfield></datafield><datafield ind1="0" ind2=" " tag="130"><subfield code="a">Ward County reporter (Minot, N.D. : 1891)</subfield></datafield><datafield ind1="1" ind2="0" tag="245"><subfield code="a">Ward County reporter.</subfield></datafield><datafield ind1=" " ind2=" " tag="260"><subfield code="a">Minot, N.D. :</subfield><subfield code="b">A.L. Failor</subfield></datafield><datafield ind1=" " ind2=" " tag="300"><subfield code="a">v. :</subfield><subfield code="b">ill. ;</subfield><subfield code="c">60 cm.</subfield></datafield><datafield ind1=" " ind2=" " tag="310"><subfield code="a">Weekly</subfield></datafield><datafield ind1="1" ind2=" " tag="362"><subfield code="a">Began in 1891? Ceased in Sept. 1894.</subfield></datafield><datafield ind1=" " ind2=" " tag="500"><subfield code="a">"The oldest paper in the Mouse River Valley."</subfield></datafield><datafield ind1=" " ind2=" " tag="500"><subfield code="a">Official paper of Ward County.</subfield></datafield><datafield ind1=" " ind2=" " tag="588"><subfield code="a">Description based on: Vol. 5, no. 5 (Mar. 20, 1891).</subfield></datafield><datafield ind1=" " ind2=" " tag="752"><subfield code="a">United States</subfield><subfield code="b">North Dakota</subfield><subfield code="c">Ward</subfield><subfield code="d">Minot.</subfield></datafield><datafield ind1="0" ind2="0" tag="780"><subfield code="t">Burlington reporter</subfield><subfield code="w">(DLC)sn 88076684</subfield></datafield><datafield ind1="0" ind2="7" tag="785"><subfield code="t">Minot journal</subfield><subfield code="w">(DLC)sn 89074020</subfield></datafield><datafield ind1="0" ind2="7" tag="785"><subfield code="t">Ward County reporter and the Minot journal</subfield><subfield code="w">(DLC)sn 89074021</subfield></datafield></record>